@book{kuratowski,
  title     = {Introduction to Set Theory and Topology},
  author    = {Kazimierz Kuratowski},
  isbn      = {59-14873},
  year      = {1961},
  publisher = {PERGAMON PRESS},
  keywords  = {set theory, logic, topology}
}

@book{thomas,
  title     = {Set Theory},
  author    = {Thomas J. Jech},
  isbn      = {0-12-381950-4},
  year      = {1978},
  publisher = {ACADEMIC PRESS},
  keywords  = {set theory, logic}
}