@book{herstein,
  title     = {Abstract Algebra},
  edition = {3},
  year      = {1996},
  author    = {Israel Nathan Herstein},
  publisher = {Wiley},
  isbn      = {978-0471368793},
  keywords  = {algebra}
}

@book{smith,
  title     = {Introduction to Abstract Algebra},
  edition = {1},
  year      = {2009},
  author    = {Jonathan D. H. Smith},
  publisher = {Chapman e Hall/CRC},
  isbn      = {978-1-4200-6371-4, 1420063715},
  keywords  = {algebra}
}

@book{garcia-lequain,
  title     = {Elementos de √Ålgebra},
  edition = {6},
  year      = {2018},
  author    = {Arnaldo Garcia; Yves Lequain},
  publisher = {IMPA},
  isbn      = {978-85-244-0450-4},
  keywords  = {algebra}
}